@manual{tofDS,
 title			= {VL53L0X Datasheet - production data},
 organization 	= {STMicrolectronics},
 year			= {2018},
 month			= {April},
 note			= {Rev. 2},
 url 			= {https://www.st.com/resource/en/datasheet/vl53l0x.pdf}
}

@manual{tofAPI,
 title 			= {VL53L0X Application Programming Interface User Manual},
 key 			= {UM2039},
 organization 	= {STMicrolectronics},
 month 			= {June},
 year 			= {2016},
 note 			= {Rev. 1},
 url 			= {https://www.st.com/en/embedded-software/stsw-img005.html}
}

@manual{i2cspec,
 title = {I2C-bus specification and user manual},
 year = {2014},
 month = {April},
 key = {UM10204},
 note = {Rev. 6},
 organization = {NXP Semiconductors},
 url = {https://www.nxp.com/docs/en/user-guide/UM10204.pdf},
}


@manual{microchipDS,
 title = {PIC24FJ256GA705 FAMILY},
 subtitle = {16-Bit General Purpose Microcontrollers with 256-Kbyte Flash and 16-Kbyte RAM in Low Pin Count Packages},
 year = {2020},
 month = {March},
 key = {DS30010118E},
 note = {Rev. E},
 organization = { Microchip Technology Inc.},
 url = {http://ww1.microchip.com/downloads/en/DeviceDoc/PIC24FJ256GA705-Family-Data-Sheet-DS30010118E.pdf},
}

@manual{microchipIIC,
 title = {Inter-Integrated Circuit™ (I2C™)},
 subtitle = {dsPIC33/PIC24 Family Reference Manual},
 year = {2014},
 month = {February},
 key = {DS70000195F},
 note = {Rev. F},
 organization = {Microchip Technology Inc.},
 url = {http://ww1.microchip.com/downloads/en/devicedoc/70000195f.pdf},
}
